@inproceedings{mairhofer2011search,
  title={Search-based software testing and test data generation for a dynamic programming language},
  author={Mairhofer, Stefan and Feldt, Robert and Torkar, Richard},
  booktitle={Proceedings of the 13th annual conference on Genetic and evolutionary computation},
  pages={1859--1866},
  year={2011},
  organization={ACM}
}

@misc{splat,
  author={Lee, Wei Yeong},
  title={SPLAT: Simple Python Lazy Automated Tester},
  institution={Imperial College London},
  year={2012}
}

@misc{splats,
  author={Bardsley, Ethel and Glassberg-Powell, Caroline and Keeley, Christopher and Slade, Joseph and Wood, Thomas},
  title={SpLATS: Lazy Automated Test System},
  institution={Imperial College London},
  year={2011}
}

@inproceedings{ducasse2011challenges,
  title={Challenges to support automated random testing for dynamically typed languages},
  author={Ducasse, St{\'e}phane and Oriol, Manuel and Bergel, Alexandre},
  booktitle={Proceedings of the International Workshop on Smalltalk Technologies},
  pages={9},
  year={2011},
  organization={ACM}
}
